<record><leader>00000cas a22000007a 4500</leader><controlfield tag="001">17512370</controlfield><controlfield tag="008">880222u1962uuuutxuwr ne      0    0eng d</controlfield><datafield ind1=" " ind2=" " tag="010"><subfield code="a">sn 88083309 </subfield></datafield><datafield ind1=" " ind2=" " tag="040"><subfield code="a">PPM</subfield><subfield code="b">eng</subfield><subfield code="c">PPM</subfield><subfield code="d">OCLCQ</subfield></datafield><datafield ind1=" " ind2=" " tag="042"><subfield code="a">msc</subfield></datafield><datafield ind1="0" ind2="4" tag="245"><subfield code="a">The Vidor vidorian.</subfield></datafield><datafield ind1=" " ind2=" " tag="260"><subfield code="a">Vidor, Tex. :</subfield><subfield code="b">Merle Luker</subfield></datafield><datafield ind1=" " ind2=" " tag="310"><subfield code="a">Weekly</subfield></datafield><datafield ind1="1" ind2=" " tag="362"><subfield code="a">Began in 1962.</subfield></datafield><datafield ind1=" " ind2=" " tag="588"><subfield code="a">Description based on: Vol. 9, no. 14 (Jan 9, 1964).</subfield></datafield><datafield ind1=" " ind2=" " tag="752"><subfield code="a">United States</subfield><subfield code="b">Texas</subfield><subfield code="c">Orange</subfield><subfield code="d">Vidor.</subfield></datafield><datafield ind1="0" ind2="0" tag="780"><subfield code="t">Vidorian</subfield><subfield code="w">(DLC)sn 88083308</subfield></datafield><datafield ind1="1" ind2=" " tag="029"><subfield code="a">AU@</subfield><subfield code="b">000025798132</subfield></datafield></record>